@article{q-candela,
    author = {Quinonero-Candela, J. and Rasmussen, C.},
    title = {A Unifying View of Sparse Approximate Gaussian Process Regression},
    journal = {Journal of Machine Learning Research},
    year = {2005},
    volume = {6},
}

@misc{NumericalAnalysis2023,
    title = {Numerical Integration: Rectangle Method},
    year = {2023},
    url = {https://engcourses-uofa.ca/books/numericalanalysis/numerical-integration/rectangle-method/},
    note = {Accessed: 2023-11-23}
}

@misc{NIST2023,
    title = {1.3.6.1.4. Normal Probability Plot},
    year = {2023},
    url = {https://itl.nist.gov/div898/handbook/eda/section3/eda3661.htm},
    note = {Accessed: 2023-11-23}
}

